=LDR  03402cas a2200865 i 4500
=001  015850654
=003  Uk
=005  20221231145104.0
=006  m\\\\\\\\d\|\\\\\\
=007  cr||||||||||||
=008  110719c20129999enkfr\p\o\\\\\0\\\a0eng\\
=FMT  \\$a  SE
=015  \\$aGBB858247$2bnb
=022  0\$a2047-7422$202
=037  \\$a???$bSpringer
=040  \\$aUk$beng$cUk$erda
=042  \\$aissnuk$aukblsr
=082  04$a324.405$223
=222  \0$aInterest groups & advocacy$b(Online)
=245  00$aInterest groups & advocacy.
=246  3\$aInterest groups and advocacy
=264  \1$a[London] :$bMacmillan Publishers,$c2012-
=310  \\$aSemiannual
=336  \\$atext$2rdacontent
=337  \\$acomputer$2rdamedia
=338  \\$aonline resource$2rdacarrier
=362  0\$aVolume 1, issue 1 (May 2012)-
=500  \\$aDescription based on: volume 1, issue 1; title from journal home page (SpringerLink, viewed March 21, 2018).
=540  \\$aCurrent copyright fee: GBP29.95$c22\1$5Uk
=650  \0$aPressure groups$vPeriodicals.
=650  \0$aLobbying$vPeriodicals.
=776  08$iAlso issued in print as:$tInterest groups & advocacy$x2047-7414
=859  \\$aELD$bejournal
=856  \\$31850-9999$uhttp://link.springer.com/$xBLDSS
=856  40$uhttps://link.springer.com/journal/41309$xOA-J
=859  \\$aXLD$bejournal
=852  41$aBritish Library$bHMNTS$jELD Digital store$3Volume 6:Number 1(2017)-***Previous issues available in print copy
=945  \\$aInterest groups and advocacy.
=959  \\$fHeld but not currently received
=979  \\$aBritish Library$bDSC$j4533.410280
=985  \\$aISSN UK Centre note: ROAD OA
=CAT  \\$a11316$b40$c20110719$lBLL01$h1408
=CAT  \\$a11205$b40$c20121205$lBLL01$h0942
=CAT  \\$aBATCH-CLA$b00$c20140228$lBLL01$h1617
=CAT  \\$aIPL-CLA$c20140331$lBLL01$h1639
=CAT  \\$aBATCH-CLA$b00$c20140530$lBLL01$h1714
=CAT  \\$aIPL-CLA$c20140630$lBLL01$h1753
=CAT  \\$a9667$b40$c20180119$lBLL01$h1149
=CAT  \\$a5997$b40$c20180321$lBLL01$h0800
=CAT  \\$a5997$b40$c20180321$lBLL01$h1155
=CAT  \\$a5552$b40$c20180820$lBLL01$h1052
=CAT  \\$aBLDSS-3PM$b00$c20180830$lBLL01$h1301
=CAT  \\$aBATCH-UPD$b00$c20180830$lBLL01$h1302
=CAT  \\$a11033$b40$c20190531$lBLL01$h1149
=CAT  \\$aW1908-0780$b00$c20200730$lBLL01$h1332
=CAT  \\$a8055$b40$c20200812$lBLL01$h1318
=CAT  \\$a5410$b40$c20200819$lBLL01$h2126
=CAT  \\$a5410$b40$c20200826$lBLL01$h1144
=CAT  \\$a5552$b40$c20211118$lBLL01$h0736
=CAT  \\$aCDS21$c20220118$lBLL01$h1105
=CAT  \\$aBATCH-UPD$b00$c20221121$lBLL01$h1405
=CAT  \\$aIPL-CLA$c20221231$lBLL01$h1451
=CFI  0\$aCurrent copyright fee: GBP29.95$c22\1$e01-jan-2023$fGBP29.95$g0$hP$5Uk
=CFI  2\$aPrevious copyright fee: GBP34.00$c22\1$e01-jul-2018$fGBP34.00$g0$hP$5Uk
=FFP  \\$aY$bBLDSS-3PM
=FIN  \\$aY$d20121205
=LET  \0$aInterest groups & advocacy (Electronic)
=LKR  \\$aPAR$b015850651$lBLL01$nInterest groups & advocacy (Print)$mInterest groups & advocacy (Online)$r776
=MNI  \\$a2047-7414
=TCO  \\$aCLA$bCLA$c008
=TOC  \\$aETOC
=UNO  \\$aY
=ACF  \\$aBritish Library not licensed to copy$c0$e01-jul-2014$hC$iCFP Excluded$5Uk
=ACF  \\$aBritish Library not licensed to copy$c0$e01-apr-2014$hC$iCFP Excluded$5Uk
=LAS  \\$aIPL-CLA$b00$c20221231$lBLL01$h1451

