=LDR  05545cas a2201213 a 4500
=001  016584256
=003  Uk
=005  20221231145219.0
=006  m\\\\\o\\d\\\\\\\\
=007  cr\|||||||||||
=008  060927c20079999caumr\poo\\\\\0\\\a0eng\c
=FMT  \\$a  SE
=010  \\$a  2006215618
=015  \\$aGBB406871$2bnb
=022  0\$a1933-7205$l1933-7191$y1933-7191$202
=035  \\$a(OCoLC)71782486
=037  3\$a???$bSpringer
=037  \\$aRSX$bSage (UK) Ltd
=040  \\$aNSDP$beng$cNSDP$dNSDP$dDLC$dNLGGC$dPPiU-H$dOKentU$dOCoLC$dInU$dOCoLC$dCLU$dDNAL$dUk
=042  \\$aissnuk$aukblsr
=050  14$aRG1$b.J68
=070  0\$aRG1$b.R47
=082  04$a612.6$223
=130  0\$aReproductive sciences (Thousand Oaks, Ventura County, Calif. : Online)
=210  0\$aReprod. sci.$b(Thousand Oaks, Calif. : Online)
=222  \0$aReproductive sciences$b(Thousand Oaks, Calif. : Online)
=245  10$aReproductive sciences$h[electronic resource].
=246  30$aRS
=260  \\$aThousand Oaks, Calif. :$bSage,$c2007-
=310  \\$aMonthly,$b2009-
=321  \\$aTen issues yearly,$b2008
=321  \\$aEight issues yearly,$b2007
=336  \\$atext$2rdacontent
=337  \\$acomputer$2rdamedia
=338  \\$aonline resource$2rdacarrier
=362  0\$aVol. 14, no. 1 (Jan. 2007)-
=500  \\$aTitle from banner (Sage website, viewed Apr. 15, 2007).
=525  \\$aSupplements accompany some issues.
=550  \\$aOfficial publication of: The Society for Gynecologic Investigation.
=588  \\$aLatest issue consulted: volume 24, issue 6 (June 2017); SAGE Journals, viewed May 25, 2017.
=540  \\$aCurrent copyright fee: GBP34.95$c22\1$5Uk
=650  \0$aReproductive health$vPeriodicals.
=650  \2$aReproduction$vPeriodicals.
=710  2\$aSociety for Gynecologic Investigation,$eissuing body.
=776  08$iAlso issued in print as:$tReproductive sciences (Thousand Oaks, Ventura County, Calif.)$x1933-7191
=780  00$tJournal of the Society for Gynecologic Investigation (Online)$x1556-7117
=859  \\$aELD$bejournal
=856  \\$31850-9999$uhttp://www.sagepublications.com/$xBLDSS
=856  40$uhttp://journals.sagepub.com/home/rsx
=856  40$uhttp://rsx.sagepub.com/$zIncludes issues of earlier title: Journal of the Society for Gynecologic Investigation (Online)
=859  \\$aXLD$bejournal
=852  41$aBritish Library$bHMNTS$jELD Digital store$3Volume 21:Number 1(2014:Jan.)-***Previous issues available in print copy
=945  \\$aReproductive sciences.
=959  \\$fHeld but not currently received
=979  \\$aBritish Library$cDSC$j7713.706370
=985  \\$aISSN responsibility transferred from US ISSN Center to ISSN UK Centre, SAGE, Multinational Publisher List Spring 2017.
=CAT  \\$a11433$b40$c20131217$lBLL01$h1544
=CAT  \\$aIPL-CLA$c20150930$lBLL01$h1850
=CAT  \\$a10983$b40$c20151216$lBLL01$h1333
=CAT  \\$aBATCH-UPD$b40$c20160522$lBLL01$h2353
=CAT  \\$a11205$b40$c20170525$lBLL01$h1248
=CAT  \\$aW1711-1005$c20171206$lBLL01$h1826
=CAT  \\$a5552$b40$c20180314$lBLL01$h1441
=CAT  \\$aBLDSS-3PM$b00$c20180321$lBLL01$h1004
=CAT  \\$aBATCH-UPD$b00$c20180321$lBLL01$h1005
=CAT  \\$aIPL-CLA$c20180331$lBLL01$h1707
=CAT  \\$aBATCH-UPD$b00$c20180823$lBLL01$h1856
=CAT  \\$aIPL-CLA$c20180930$lBLL01$h1516
=CAT  \\$aBATCH-UPD$b00$c20190521$lBLL01$h1344
=CAT  \\$aIPL-CLA$c20190630$lBLL01$h1547
=CAT  \\$a11450$b40$c20190823$lBLL01$h0911
=CAT  \\$aBATCH-UPD$b40$c20190829$lBLL01$h1425
=CAT  \\$aIPL-CLA$c20190930$lBLL01$h1653
=CAT  \\$aBATCH-UPD$b00$c20200219$lBLL01$h1416
=CAT  \\$a5552$b40$c20200310$lBLL01$h0911
=CAT  \\$aW1908-0780$b00$c20200730$lBLL01$h1333
=CAT  \\$a5552$b40$c20210824$lBLL01$h1339
=CAT  \\$aIPL-CLA$c20210930$lBLL01$h1529
=CAT  \\$aCDS21$c20220118$lBLL01$h1105
=CAT  \\$aBATCH-UPD$b00$c20221121$lBLL01$h1412
=CAT  \\$a10973$b40$c20221124$lBLL01$h1356
=CAT  \\$aIPL-CLA$c20221231$lBLL01$h1452
=CFI  0\$aCurrent copyright fee: GBP34.95$c22\1$e01-jan-2023$fGBP34.95$g0$hP$5Uk
=CFI  2\$aPrevious copyright fee: GBP43.00$c22\1$e01-oct-2021$fGBP43.00$g0$hP$5Uk
=FFP  \\$aY$bBLDSS-3PM
=FIN  \\$aY$d20140115
=LET  \0$aReproductive sciences (Electronic)
=LKR  \\$aPAR$b013701581$lBLL01$nReproductive sciences (Print)$mReproductive sciences (Online)$r776
=LKR  \\$aPAR$b012433618$lBLL01$nJournal of the Society for Gynecologic Investigation$mReproductive sciences$r78000
=MNI  \\$a1933-7191
=SRC  \\$aBLL02
=TOC  \\$aETOC
=UNO  \\$aY
=ACF  \\$aPrevious Copyright Fee: GBP18.75$c0$e01-apr-2014$fGBP18.75$g0$hC$5Uk
=ACF  \\$aPrevious Copyright Fee: GBP18.18$c0$e01-jul-2014$fGBP18.18$g0$hC$5Uk
=ACF  \\$aPrevious Copyright Fee: GBP19.35$c0$e01-oct-2015$fGBP19.35$g0$hC$5Uk
=ACF  \\$aPrevious Copyright Fee: GBP20.00$c0$e01-apr-2015$fGBP20.00$g0$hC$5Uk
=ACF  \\$aPrevious copyright fee: GBP30.77$c103\0$e14-mar-2018$fGBP30.77$g0$hP$5Uk
=ACF  \\$aPrevious copyright fee: GBP28.57$c103\0$e01-apr-2018$fGBP28.57$g0$hP$5Uk
=ACF  \\$aPrevious copyright fee: GBP30.77$c103\0$e01-oct-2018$fGBP30.77$g0$hP$5Uk
=ACF  \\$aPrevious copyright fee: GBP33.60$c103\0$e01-oct-2019$fGBP33.60$g0$hP$5Uk
=ACF  \\$aPrevious copyright fee: GBP32.31$c103\0$e01-jul-2019$fGBP32.31$g0$hP$5Uk
=ACF  \\$aPrevious copyright fee: GBP34.00$c22\1$e10-mar-2020$fGBP34.00$g0$hP$5Uk
=LAS  \\$aIPL-CLA$b00$c20221231$lBLL01$h1452

