=LDR  03241cas a2200793 i 4500
=001  018680849
=003  Uk
=005  20230915105024.0
=006  m\\\\\|\\d\|\\\\\\
=007  cr||||||||||||
=008  180115c20189999enkuu\p\o\\\\\0\\\a0eng\\
=FMT  \\$a  SE
=015  \\$aGBB8K5525$2bnb
=022  0\$a2522-0705$y2522-0691$202
=037  \\$a???$bSpringer
=040  \\$aUk$beng$cUk$erda
=042  \\$aissnuk$aukblsr
=082  04$a382$223
=222  \0$aJournal of international business policy$b(Online)
=245  00$aJournal of international business policy.
=264  \1$aLondon :$bPalgrave Macmillan,$c2018-
=300  \\$billustrations (black and white)
=336  \\$atext$2rdacontent
=337  \\$acomputer$2rdamedia
=338  \\$aonline resource$2rdacarrier
=362  0\$aVolume 1, issue 1/2 (June 2018)-
=500  \\$aTitle from PDF article caption title (SpringerLink, viewed November 7, 2018).
=540  \\$aCurrent copyright fee: GBP29.95$c22\1$5Uk
=650  \0$aCommercial policy$vPeriodicals.
=650  \0$aInternational business enterprises$vPeriodicals.
=650  \0$aInternational trade$vPeriodicals.
=690  7\$aManagement and Business Studies$2blcoll
=710  2\$aAcademy of International Business,$eissuing body.
=776  08$iAlso issued in print as:$tJournal of international business policy$x2522-0691
=856  40$uhttps://www.palgrave.com/gp/journal/42214
=856  \\$31850-9999$uhttp://link.springer.com/$xBLDSS
=859  \\$aELD$bejournal
=859  \\$aXLD$bejournal
=852  41$aBritish Library$bHMNTS$jELD Digital store$3Volume 1:Issue 1/2(2018)-
=945  \\$aJournal of international business policy
=959  \\$fHeld but not currently received
=979  \\$aBritish Library$bDSC$j5007.588400N
=985  \\$aISSN UK Centre note: ISSN UK Centre note: responsibility transferred to ISSN UK Centre (IC Springer Nature project) 6.4.18.
=CAT  \\$a14586$b40$c20180115$lBLL01$h1102
=CAT  \\$a10973$b40$c20180406$lBLL01$h1324
=CAT  \\$a10973$b40$c20180406$lBLL01$h1412
=CAT  \\$a5552$b40$c20180809$lBLL01$h1214
=CAT  \\$aBLDSS-3PM$b00$c20180817$lBLL01$h0842
=CAT  \\$aBATCH-UPD$b00$c20180817$lBLL01$h0843
=CAT  \\$a8323$b40$c20181004$lBLL01$h0832
=CAT  \\$a11313$b40$c20181101$lBLL01$h1249
=CAT  \\$a10806$b40$c20181107$lBLL01$h1157
=CAT  \\$aBATCH-MBS$c20181116$lBLL01$h2059
=CAT  \\$aW1908-0780$b00$c20200730$lBLL01$h1333
=CAT  \\$aCDS21$c20220118$lBLL01$h1106
=CAT  \\$aBATCH-UPD$b00$c20221121$lBLL01$h1407
=CAT  \\$aIPL-CLA$c20221231$lBLL01$h1454
=CAT  \\$a5410$b40$c20230827$lBLL01$h1346
=CAT  \\$a5410$b40$c20230915$lBLL01$h1050
=CFI  0\$aCurrent copyright fee: GBP29.95$c22\1$e01-jan-2023$fGBP29.95$g0$hP$5Uk
=CFI  2\$aPrevious copyright fee: GBP34.00$c22\1$e09-aug-2018$fGBP34.00$g0$hP$5Uk
=FFP  \\$aY$bBLDSS-3PM
=FIN  \\$aY$d20181004
=LET  \0$aJournal of international business policy (Electronic)
=LKR  \\$aPAR$b018823470$lBLL01$nJournal of international business policy (Print)$mJournal of international business policy (Online)$r776
=MNI  \\$a2522-0691
=TOC  \\$aETOC
=UNO  \\$aY
=LAS  \\$a5410$b40$c20230915$lBLL01$h1050

