=LDR  05705cas a2201237 i 4500
=001  015498666
=003  Uk
=005  20220930142809.0
=006  m\\\\\o\\d\\\\\\\\
=007  cr\mnu||||||||
=008  110520c20119999enkfr\p\o\\\\\0\\\a0eng\c
=FMT  \\$a  SE
=010  \\$a  2011250834
=015  \\$aGBB9H3524$2bnb
=022  0\$a2043-8869$202
=035  \\$a(OCoLC)ocn726230000
=037  \\$a???$bSpringer
=037  3\$attc$bSage (UK) Ltd
=040  \\$aTXI$beng$cTXI$dTXI$dBUF$dHEBIS$dOCLCQ$dOCLCF$dOCLCO$dOCLCQ$dOCLCO$dOCLCQ$dDLC$dAU@$dUKMGB$dUAB$dVT2$dU3W$dUk$erda$epn
=042  \\$aissnuk$aukblsr
=050  00$aT58.5
=082  04$a371.33405$223
=130  0\$aJournal of information technology teaching cases (Online)
=222  \0$aJournal of information technology teaching cases
=245  10$aJournal of information technology teaching cases.
=246  30$aJITTC
=246  30$aTeaching cases
=264  \1$aBasingstoke :$bPalgrave Macmillan,$c[2011]-
=264  21$3<2018-> :$aBerlin :$bSpringer Link
=264  31$aLondon :$bSAGE Publications Ltd
=310  \\$aSemiannual
=336  \\$atext$2rdacontent
=337  \\$acomputer$2rdamedia
=338  \\$aonline resource$2rdacarrier
=362  1\$aBegan with: Volume 1, issue 1 (March 2011).
=550  \\$a"Published in Association with Association for Information Technology Trust."
=580  \\$aContinues publication of the teaching cases traditionally published in Journal of information technology.
=588  \\$aDescription based on: Volume 1, issue 1 (March 2011); title from journal home page (Palgrave Macmillan, viewed May 20, 2011).
=588  \\$aLatest issue consulted: volume 9, issue 1 (May 2019); SAGE journals, viewed October 22, 2019.
=540  \\$aCurrent copyright fee: GBP36.32$c19\0$5Uk
=650  \0$aInformation technology$xStudy and teaching$vPeriodicals.
=650  \0$aInformation resources management$xStudy and teaching$vPeriodicals.
=650  \7$aInformation resources management$xStudy and teaching.$2fast$0(OCoLC)fst00972616
=650  \7$aInformation technology$xStudy and teaching.$2fast$0(OCoLC)fst00973135
=655  \7$aPeriodicals.$2fast$0(OCoLC)fst01411641
=655  \0$aElectronic journals.
=655  \4$aE-journal.
=710  2\$aAssociation for Information Technology Trust.
=780  01$tJournal of information technology (Online)$x1466-4437
=856  40$31850-9999$uhttp://www.palgrave.com/home/index.asp$xBLDSS
=859  \\$aELD$bejournal
=856  40$uhttp://www.palgrave-journals.com/jittc/index.html
=856  40$uhttps://journals.sagepub.com/home/ttc
=859  \\$aXLD$bejournal
=852  41$aBritish Library$bHMNTS$jELD Digital store$3Volume 3:Issue 1(2013)-
=945  \\$aJournal of information technology teaching cases
=979  \\$aBritish Library$bDSC$j5006.797500N
=CAT  \\$a10806$b40$c20100302$lBLL01$h1037
=CAT  \\$a15020$b40$c20181024$lBLL01$h0924
=CAT  \\$a5110$b40$c20181025$lBLL01$h1110
=CAT  \\$a5552$b40$c20190108$lBLL01$h0852
=CAT  \\$aBATCH-UPD$b40$c20190521$lBLL01$h1411
=CAT  \\$aIPL-CLA$c20190630$lBLL01$h1544
=CAT  \\$aBATCH-UPD$b00$c20190829$lBLL01$h1529
=CAT  \\$aIPL-CLA$c20190930$lBLL01$h1647
=CAT  \\$a11205$b40$c20191022$lBLL01$h1609
=CAT  \\$a11205$b40$c20191022$lBLL01$h1611
=CAT  \\$aBATCH-016$c20191023$lBLL01$h2153
=CAT  \\$a15190$b40$c20191209$lBLL01$h1148
=CAT  \\$aBATCH-UPD$b40$c20200219$lBLL01$h1516
=CAT  \\$aIPL-CLA$c20200331$lBLL01$h1625
=CAT  \\$aBATCH-UPD$b00$c20200522$lBLL01$h1458
=CAT  \\$aIPL-CLA$c20200701$lBLL01$h0108
=CAT  \\$aW1908-0780$b00$c20200730$lBLL01$h1332
=CAT  \\$a6811$b40$c20200803$lBLL01$h1215
=CAT  \\$aBATCH-UPD$b40$c20210226$lBLL01$h1038
=CAT  \\$aIPL-CLA$c20210331$lBLL01$h1701
=CAT  \\$aBATCH-UPD$b00$c20210707$lBLL01$h1602
=CAT  \\$aIPL-CLA$c20210707$lBLL01$h1844
=CAT  \\$aBATCH-UPD$b00$c20220520$lBLL01$h1634
=CAT  \\$aIPL-CLA$c20220630$lBLL01$h1538
=CAT  \\$aBATCH-UPD$b00$c20220824$lBLL01$h0901
=CAT  \\$aIPL-CLA$c20220930$lBLL01$h1428
=CFI  0\$aCurrent copyright fee: GBP36.32$c19\0$e01-oct-2022$fGBP36.32$g0$hP$5Uk
=CFI  2\$aPrevious copyright fee: GBP34.86$c19\0$e01-jul-2022$fGBP34.86$g0$hP$5Uk
=FFP  \\$aY$bBLDSS-3PM
=FIN  \\$aY$d20111209
=LKR  \\$aPAR$b013004476$lBLL01$nJournal of information technology (Online)$mJournal of information technology teaching cases$r78001
=MNI  \\$a2043-8869
=SID  \\$aZ39$bLOC
=TCO  \\$aCLA$bCLA$c008
=TOC  \\$aETOC
=UNO  \\$aY
=ACF  \\$aPrevious copyright fee: GBP30.74$c39\0$e01-jan-2018$fGBP30.74$g0$hP$5Uk
=ACF  \\$aPrevious copyright fee: GBP22.00$c39\0$e11-dec-2012$fGBP22.00$g0$hP$5Uk
=ACF  \\$aPrevious copyright fee: GBP30.73$c22\1$e19-feb-2018$fGBP30.73$g0$hP$5Uk
=ACF  \\$aPrevious copyright fee: GBP34.00$c22\1$e01-jul-2018$fGBP34.00$g0$hP$5Uk
=ACF  \\$aPrevious copyright fee: GBP28.54$c22\1$e01-apr-2018$fGBP28.54$g0$hP$5Uk
=ACF  \\$aPrevious copyright fee: GBP30.77$c19\0$e08-jan-2019$fGBP30.77$g0$hP$5Uk
=ACF  \\$aPrevious copyright fee: GBP32.31$c19\0$e01-jul-2019$fGBP32.31$g0$hP$5Uk
=ACF  \\$aPrevious copyright fee: GBP33.60$c19\0$e01-oct-2019$fGBP33.60$g0$hP$5Uk
=ACF  \\$aPrevious copyright fee: GBP33.52$c19\0$e01-apr-2020$fGBP33.52$g0$hP$5Uk
=ACF  \\$aPrevious copyright fee: GBP34.86$c19\0$e01-jul-2020$fGBP34.86$g0$hP$5Uk
=ACF  \\$aPrevious copyright fee: GBP32.28$c19\0$e01-apr-2021$fGBP32.28$g0$hP$5Uk
=ACF  \\$aPrevious copyright fee: GBP31.13$c19\0$e07-jul-2021$fGBP31.13$g0$hP$5Uk
=LAS  \\$aIPL-CLA$b00$c20220930$lBLL01$h1428

