=LDR  03609cas a2200889 i 4500
=001  016075867
=003  Uk
=005  20221231145128.0
=006  m\\\\\\\\d\|\\\\\\
=007  cr||||||||||||
=008  120501c20139999enkqr\p\o\\\\\0\\\a0eng\\
=FMT  \\$a  SE
=015  \\$aGBB859579$2bnb
=022  0\$a2050-3326$202
=037  \\$a???$bSpringer
=040  \\$aUk$beng$cUk$dUk$erda
=042  \\$aissnuk$aukblsr
=082  04$a658.80072$223
=222  \0$aJournal of marketing analytics$b(Online)
=245  00$aJournal of marketing analytics.
=260  \\$aBasingstoke, Hampshire :$bPalgrave Macmillan
=264  \1$aLondon :$bMacmillan Publishers, part of Springer Nature
=310  \\$aQuarterly
=336  \\$atext$2rdacontent
=337  \\$acomputer$2rdamedia
=338  \\$aonline resource$2rdacarrier
=362  1\$aPrint began in 2013.
=588  \\$aDescription based on: print version record.
=588  \\$aLatest issue consulted: volume 6, issue 1 (March 2018) (Publisher's website, viewed March 27, 2018).
=540  \\$aCurrent copyright fee: GBP29.95$c22\1$5Uk
=650  \0$aMarketing research$vPeriodicals.
=690  7\$aManagement and Business Studies$2blcoll
=776  08$iAlso issued in print as:$tJournal of marketing analytics$x2050-3318
=859  \\$aELD$bejournal
=859  \\$aXLD$bejournal
=856  \\$31850-9999$uhttp://link.springer.com/$xBLDSS
=856  4\$uhttp://www.palgrave-journals.com/jma/index.html
=856  40$uhttps://link.springer.com/journal/41270
=852  41$aBritish Library$bHMNTS$jELD Digital store$3Volume 4:Issue 2(2016)-***Previous issues available in print copy
=945  \\$aJournal of marketing analytics
=959  \\$fHeld but not currently received
=979  \\$aBritish Library$bDSC$j5012.102000N
=CAT  \\$a10973$b40$c20120501$lBLL01$h1011
=CAT  \\$a11205$b40$c20130904$lBLL01$h1635
=CAT  \\$aBATCH-CLA$b00$c20140228$lBLL01$h1617
=CAT  \\$aIPL-CLA$c20140331$lBLL01$h1640
=CAT  \\$aBATCH-CLA$b00$c20140530$lBLL01$h1714
=CAT  \\$aIPL-CLA$c20140630$lBLL01$h1756
=CAT  \\$a14412$b40$c20180119$lBLL01$h1152
=CAT  \\$a5110$b40$c20180327$lBLL01$h1507
=CAT  \\$a5110$b40$c20180327$lBLL01$h1511
=CAT  \\$a5110$b40$c20180328$lBLL01$h1307
=CAT  \\$aBATCH-MBS$c20180406$lBLL01$h2101
=CAT  \\$a5110$b40$c20180409$lBLL01$h1200
=CAT  \\$aW1908-0780$b00$c20200730$lBLL01$h1332
=CAT  \\$a5552$b40$c20200819$lBLL01$h0913
=CAT  \\$aBATCH-UNOA$c20200825$lBLL01$h2105
=CAT  \\$aBLDSS-3PM$b00$c20200828$lBLL01$h1100
=CAT  \\$aBATCH-UPD$b00$c20200828$lBLL01$h1100
=CAT  \\$a5552$b40$c20210218$lBLL01$h0725
=CAT  \\$a5410$b40$c20210219$lBLL01$h2140
=CAT  \\$a5410$b40$c20210224$lBLL01$h1055
=CAT  \\$aCDS21$c20220118$lBLL01$h1105
=CAT  \\$aBATCH-UPD$b00$c20221121$lBLL01$h1405
=CAT  \\$aIPL-CLA$c20221231$lBLL01$h1451
=CFI  0\$aCurrent copyright fee: GBP29.95$c22\1$e01-jan-2023$fGBP29.95$g0$hP$5Uk
=CFI  2\$aPrevious copyright fee: GBP34.00$c22\1$e19-aug-2020$fGBP34.00$g0$hP$5Uk
=FFP  \\$aY$bBLDSS-3PM
=FIN  \\$aY$d20130904
=LET  \0$aJournal of marketing analytics (Electronic)
=LKR  \\$aPAR$b016075866$lBLL01$nJournal of marketing analytics (Print)$mJournal of marketing analytics (Online)$r776
=MNI  \\$a2050-3318
=TOC  \\$aETOC
=UNO  \\$aY
=ACF  \\$aPrevious Library not licensed to copy$c0$e01-jul-2014$hC$iCFP Excluded$5Uk
=ACF  \\$aBritish Library not licensed to copy$c0$e01-apr-2014$hC$iCFP Excluded$5Uk
=LAS  \\$aIPL-CLA$b00$c20221231$lBLL01$h1451

